@misc{graalvm,
title = {{GraalVM}},
note = {on-line at: \url{https://www.graalvm.org/}},
    author = {Oracle},
    year = {2018--2022}
}

@inproceedings{niephaus19adapters,
  title={Towards polyglot adapters for the graalvm},
  author={Niephaus, Fabio and Felgentreff, Tim and Hirschfeld, Robert},
  booktitle={Proceedings of the conference companion of the 3rd international conference on art, science, and engineering of programming},
  pages={1--3},
  year={2019}
}

@inproceedings{vsipek19,
  title={Exploring aspects of polyglot high-performance virtual machine GraalVM},
  author={{\v{S}}ipek, Matija and Mihaljevi{\'c}, B and Radovan, Aleksander},
  booktitle={2019 42nd International Convention on Information and Communication Technology, Electronics and Microelectronics (MIPRO)},
  pages={1671--1676},
  year={2019},
  organization={IEEE}
}

@mastersthesis{fjeldberg08,
  title={Polyglot programming},
  author={Fjeldberg, Hans-Christian},
  year={2008}
}

@inproceedings{niephaus19graalsqueak,
  title={GraalSqueak: toward a smalltalk-based tooling platform for polyglot programming},
  author={Niephaus, Fabio and Felgentreff, Tim and Hirschfeld, Robert},
  booktitle={Proceedings of the 16th ACM SIGPLAN International Conference on Managed Programming Languages and Runtimes},
  pages={14--26},
  year={2019}
}

@mastersthesis{harmanen13,
  title={Polyglot Programming in Web Development},
  author={Harmanen, Juhana},
  year={2013}
}

@inproceedings{hao20,
  title={Approaching polyglot programming: what can we learn from bilingualism studies?},
  author={Hao, Rebecca L and Glassman, Elena L},
  booktitle={10th Workshop on Evaluation and Usability of Programming Languages and Tools (PLATEAU 2019)},
  year={2020},
  organization={Schloss Dagstuhl-Leibniz-Zentrum f{\"u}r Informatik}
}

@inproceedings{romero2021polyglot,
  title={Polyglot Programming with GraalVM Applied to Bioinformatics for DNA Sequence Analysis},
  author={Romero-Ventura, Jos{\'e} Antonio and Ju{\'a}rez-Mart{\'\i}nez, Ulises and Centeno-T{\'e}llez, Adolfo},
  booktitle={International Conference on Software Process Improvement},
  pages={163--173},
  year={2021},
  organization={Springer}
}

@article {OneVMToRullThemAll
	title={{One VM to Rule Them All}}
	
}
