@misc{graalvm,
    title = {{GraalVM}},
    note = {on-line at: \url{https://www.graalvm.org/}},
    author = {Oracle},
    year = {2018--2022}
}
@inproceedings{onevmtorulethemall,
	title={One VM to rule them all},
	author={W{\"u}rthinger, Thomas and Wimmer, Christian and W{\"o}{\ss}, Andreas and Stadler, Lukas and Duboscq, Gilles and Humer, Christian and Richards, Gregor and Simon, Doug and Wolczko, Mario},
	booktitle={Proceedings of the 2013 ACM international symposium on New ideas, new paradigms, and reflections on programming \& software},
	pages={187--204},
	year={2013}
}

@software{graalvmCommunity,
	author = {github},
	title = {{GraalVM Community Edition github repository}},
	url = {https://github.com/graalvm},
	year = {2020}
}


@misc{graalvmEnterprise,
	title = {{GraalVM Enterprise Edition}},
	note = {on-line at: \url{https://www.oracle.com/java/graalvm/}},
	author = {Oracle}
}
